@misc{GPU-Join-A,
  title = {Let your GPU do the heavy lifting in your data Warehouse},
  howpublished = {\url{http://on-demand.gputechconf.com/gtc/2013/presentations/S3190-GPU-Heavy-Lifting-Data-Warehouse.pdf}},
  note = {Accessed: 2019-09-30}
}

@inproceedings{kaldewey2012gpu,
	title={GPU join processing revisited},
	author={Kaldewey, Tim and Lohman, Guy and Mueller, Rene and Volk, Peter},
	booktitle={DaMoN},
	pages={55--62},
	year={2012},
	organization={ACM}
}

@misc{GPU-Join-B,
	title = {GPU Acceleration for olap},
	howpublished = {\url{http://on-demand.gputechconf.com/gtc/2018/presentation/s8289-how-to-get-the-most-out-of-gpu-accelerated-database-operators.pdf}},
	note = {Accessed: 2019-09-30}
}

@inproceedings{ashkiani2018dynamic,
	title={A dynamic hash table for the GPU},
	author={Ashkiani, Saman and Farach-Colton, Martin and Owens, John D},
	booktitle={IPDPS},
	pages={419--429},
	year={2018},
	organization={IEEE}
}

@inproceedings{junger2018warpdrive,
	title={WarpDrive: Massively parallel hashing on multi-GPU nodes},
	author={J{\"u}nger, Daniel and Hundt, Christian and Schmidt, Bertil},
	booktitle={2018 IEEE International Parallel and Distributed Processing Symposium (IPDPS)},
	pages={441--450},
	year={2018},
	organization={IEEE}
}

@inproceedings{khorasani2015stadium,
	title={Stadium hashing: Scalable and flexible hashing on GPUs},
	author={Khorasani, Farzad and Belviranli, Mehmet E and Gupta, Rajiv and Bhuyan, Laxmi N},
	booktitle={2015 International Conference on Parallel Architecture and Compilation (PACT)},
	pages={63--74},
	year={2015},
	organization={IEEE}
}

@article{bender2012don,
	title={Don't thrash: how to cache your hash on flash},
	author={Bender, Michael A and Farach-Colton, Martin and Johnson, Rob and Kraner, Russell and Kuszmaul, Bradley C and Medjedovic, Dzejla and Montes, Pablo and Shetty, Pradeep and Spillane, Richard P and Zadok, Erez},
	journal={Proceedings of the VLDB Endowment},
	volume={5},
	number={11},
	pages={1627--1637},
	year={2012},
	publisher={VLDB Endowment}
}

@inproceedings{zuo2018write,
	title={Write-optimized and high-performance hashing index scheme for persistent memory},
	author={Zuo, Pengfei and Hua, Yu and Wu, Jie},
	booktitle={13th $\{$USENIX$\}$ Symposium on Operating Systems Design and Implementation ($\{$OSDI$\}$ 18)},
	pages={461--476},
	year={2018}
}

@inproceedings{zhang2019data,
	title={Data Partitioning for In-Memory Systems: Myths, Challenges, and Opportunities.},
	author={Zhang, Zuyu and Deshmukh, Harshad and Patel, Jignesh M},
	booktitle={CIDR},
	year={2019}
}

@inproceedings{boncz1999database,
	title={Database architecture optimized for the new bottleneck: Memory access},
	author={Boncz, Peter A and Manegold, Stefan and Kersten, Martin L and others},
	booktitle={VLDB},
	volume={99},
	pages={54--65},
	year={1999}
}

@inproceedings{li2014algorithmic,
	title={Algorithmic improvements for fast concurrent cuckoo hashing},
	author={Li, Xiaozhou and Andersen, David G and Kaminsky, Michael and Freedman, Michael J},
	booktitle={Proceedings of the Ninth European Conference on Computer Systems},
	pages={27},
	year={2014},
	organization={ACM}
}

@article{zhang2015mega,
	title={Mega-KV: a case for GPUs to maximize the throughput of in-memory key-value stores},
	author={Zhang, Kai and Wang, Kaibo and Yuan, Yuan and Guo, Lei and Lee, Rubao and Zhang, Xiaodong},
	journal={PVLDB},
	volume={8},
	number={11},
	pages={1226--1237},
	year={2015},
	publisher={VLDB Endowment}
}

@inproceedings{liu2014dynamic,
	title={Dynamic-sized nonblocking hash tables},
	author={Liu, Yujie and Zhang, Kunlong and Spear, Michael},
	booktitle={Proceedings of the 2014 ACM symposium on Principles of distributed computing},
	pages={242--251},
	year={2014},
	organization={ACM}
}

@misc{larson2003scaleable,
	title={Scaleable hash table for shared-memory multiprocessor system},
	author={Larson, Per-Ake and Krishnan, Murali R and Reilly, George V},
	year={2003},
	month=jun # "~10",
	publisher={Google Patents},
	note={US Patent 6,578,131}
}

@misc{douceur2000hash,
	title={Hash table expansion and contraction for use with internal searching},
	author={Douceur, John R},
	year={2000},
	month=may # "~23",
	publisher={Google Patents},
	note={US Patent 6,067,547}
}

@inproceedings{golab2003processing,
	title={Processing sliding window multi-joins in continuous queries over data streams},
	author={Golab, Lukasz and {\"O}zsu, M Tamer},
	booktitle={Proceedings of the 29th international conference on Very large data bases-Volume 29},
	pages={500--511},
	year={2003},
	organization={VLDB Endowment}
}