@article{alcantara2009real,
	title={Real-time parallel hashing on the GPU},
	author={Alcantara, Dan A and Sharf, Andrei and Abbasinejad, Fatemeh and Sengupta, Shubhabrata and Mitzenmacher, Michael and Owens, John D and Amenta, Nina},
	journal={TOG},
	volume={28},
	number={5},
	pages={154},
	year={2009},
	publisher={ACM}
}

@inproceedings{kutzelnigg:hal-01184689,
  TITLE = {{Bipartite Random Graphs and Cuckoo Hashing}},
  AUTHOR = {Kutzelnigg, Reinhard},
  BOOKTITLE = {{Fourth Colloquium on Mathematics and Computer Science Algorithms, Trees, Combinatorics and Probabilities}},
  PUBLISHER = {Discrete Mathematics and Theoretical Computer Science},
  PAGES = {403-406},
  YEAR = {2006}
}

@article{zhang2015mega,
	title={Mega-KV: a case for GPUs to maximize the throughput of in-memory key-value stores},
	author={Zhang, Kai and Wang, Kaibo and Yuan, Yuan and Guo, Lei and Lee, Rubao and Zhang, Xiaodong},
	journal={PVLDB},
	volume={8},
	number={11},
	pages={1226--1237},
	year={2015},
	publisher={VLDB Endowment}
}


@inproceedings{hetherington2015memcachedgpu,
	title={Memcachedgpu: Scaling-up scale-out key-value stores},
	author={Hetherington, Tayler H and O'Connor, Mike and Aamodt, Tor M},
	booktitle={SOCC},
	pages={43--57},
	year={2015},
	organization={ACM}
}

@inproceedings{breslow2016horton,
	title={Horton Tables: Fast Hash Tables for In-Memory Data-Intensive Computing.},
	author={Breslow, Alex D and Zhang, Dong Ping and Greathouse, Joseph L and Jayasena, Nuwan and Tullsen, Dean M},
	booktitle={ATC},
	pages={281--294},
	year={2016}
}

@inproceedings{hong2010mapcg,
	title={MapCG: writing parallel program portable between CPU and GPU},
	author={Hong, Chuntao and Chen, Dehao and Chen, Wenguang and Zheng, Weimin and Lin, Haibo},
	booktitle={PACT},
	pages={217--226},
	year={2010},
	organization={ACM}
}

@incollection{alcantara2011building,
	title={Building an efficient hash table on the GPU},
	author={Alcantara, Dan A and Volkov, Vasily and Sengupta, Shubhabrata and Mitzenmacher, Michael and Owens, John D and Amenta, Nina},
	booktitle={GPU Computing Gems Jade Edition},
	pages={39--53},
	year={2011},
	publisher={Elsevier}
}

@inproceedings{khorasani2015stadium,
	title={Stadium hashing: Scalable and flexible hashing on gpus},
	author={Khorasani, Farzad and Belviranli, Mehmet E and Gupta, Rajiv and Bhuyan, Laxmi N},
	booktitle={PACT},
	pages={63--74},
	year={2015},
	organization={IEEE}
}

@inproceedings{ashkiani2018dynamic,
	title={A dynamic hash table for the GPU},
	author={Ashkiani, Saman and Farach-Colton, Martin and Owens, John D},
	booktitle={IPDPS},
	pages={419--429},
	year={2018},
	organization={IEEE}
}

@article{fotakis2005space,
	title={Space efficient hash tables with worst case constant access time},
	author={Fotakis, Dimitris and Pagh, Rasmus and Sanders, Peter and Spirakis, Paul},
	journal={Theory of Computing Systems},
	volume={38},
	number={2},
	pages={229--248},
	year={2005},
	publisher={Springer}
}

% -------------------------------------- relational -------------------------------------------- %

@inproceedings{he2008relational,
	title={Relational joins on graphics processors},
	author={He, Bingsheng and Yang, Ke and Fang, Rui and Lu, Mian and Govindaraju, Naga and Luo, Qiong and Sander, Pedro},
	booktitle={SIGMOD},
	pages={511--524},
	year={2008},
	organization={ACM}
}

@article{he2009relational,
	title={Relational query coprocessing on graphics processors},
	author={He, Bingsheng and Lu, Mian and Yang, Ke and Fang, Rui and Govindaraju, Naga K and Luo, Qiong and Sander, Pedro V},
	journal={TODS},
	volume={34},
	number={4},
	pages={21},
	year={2009},
	publisher={ACM}
}

@article{heimel2013hardware,
	title={Hardware-oblivious parallelism for in-memory column-stores},
	author={Heimel, Max and Saecker, Michael and Pirk, Holger and Manegold, Stefan and Markl, Volker},
	journal={PVLDB},
	volume={6},
	number={9},
	pages={709--720},
	year={2013},
	publisher={VLDB Endowment}
}

@inproceedings{kaldewey2012gpu,
	title={GPU join processing revisited},
	author={Kaldewey, Tim and Lohman, Guy and Mueller, Rene and Volk, Peter},
	booktitle={DaMoN},
	pages={55--62},
	year={2012},
	organization={ACM}
}

@inproceedings{bakkum2010accelerating,
	title={Accelerating SQL database operations on a GPU with CUDA},
	author={Bakkum, Peter and Skadron, Kevin},
	booktitle={GPGPU},
	pages={94--103},
	year={2010},
	organization={ACM}
}

@article{zhang2013omnidb,
	title={Omnidb: Towards portable and efficient query processing on parallel cpu\/gpu architectures},
	author={Zhang, Shuhao and He, Jiong and He, Bingsheng and Lu, Mian},
	journal={PVLDB},
	volume={6},
	number={12},
	pages={1374--1377},
	year={2013},
	publisher={VLDB Endowment}
}

@inproceedings{ross2007efficient,
	title={Efficient hash probes on modern processors},
	author={Ross, Kenneth A},
	booktitle={ICDE},
	pages={1297--1301},
	year={2007},
	organization={IEEE}
}

% -------------------------------------- mining -------------------------------------------- %

@inproceedings{pan2011fast,
	title={Fast GPU-based locality sensitive hashing for k-nearest neighbor computation},
	author={Pan, Jia and Manocha, Dinesh},
	booktitle={SIGSPATIAL},
	pages={211--220},
	year={2011},
	organization={ACM}
}

@inproceedings{zhou2010parallel,
	title={Parallel frequent patterns mining algorithm on GPU},
	author={Zhou, Jiayi and Yu, Kun-Ming and Wu, Bin-Chang},
	booktitle={SMC},
	pages={435--440},
	year={2010},
	organization={IEEE}
}

% -------------------------------------- other applications -------------------------------------------- %

@article{o2014bitcoin,
	title={Bitcoin mining and its energy footprint},
	author={O'Dwyer, Karl J and Malone, David},
	year={2014},
	publisher={IET}
}

@inproceedings{taylor2013bitcoin,
	title={Bitcoin and the age of bespoke silicon},
	author={Taylor, Michael Bedford},
	booktitle={CASES},
	pages={16},
	year={2013},
	organization={IEEE Press}
}

@inproceedings{coates2013deep,
	title={Deep learning with COTS HPC systems},
	author={Coates, Adam and Huval, Brody and Wang, Tao and Wu, David and Catanzaro, Bryan and Andrew, Ng},
	booktitle={ICML},
	pages={1337--1345},
	year={2013}
}

@inproceedings{abadi2016tensorflow,
	title={Tensorflow: a system for large-scale machine learning.},
	author={Abadi, Mart{\'\i}n and Barham, Paul and Chen, Jianmin and Chen, Zhifeng and Davis, Andy and Dean, Jeffrey and Devin, Matthieu and Ghemawat, Sanjay and Irving, Geoffrey and Isard, Michael and others},
	booktitle={OSDI},
	pages={265--283},
	year={2016}
}

@article{zhong2014medusa,
	title={Medusa: Simplified graph processing on GPUs},
	author={Zhong, Jianlong and He, Bingsheng},
	journal={TPDS},
	volume={25},
	number={6},
	pages={1543--1552},
	year={2014},
	publisher={IEEE}
}

@article{bowers2010parallel,
	title={Parallel Poisson disk sampling with spectrum analysis on surfaces},
	author={Bowers, John and Wang, Rui and Wei, Li-Yi and Maletz, David},
	journal={TOG},
	volume={29},
	number={6},
	pages={166},
	year={2010},
	publisher={ACM}
}

@article{niessner2013real,
	title={Real-time 3D reconstruction at scale using voxel hashing},
	author={Nie{\ss}ner, Matthias and Zollh{\"o}fer, Michael and Izadi, Shahram and Stamminger, Marc},
	journal={TOG},
	volume={32},
	number={6},
	pages={169},
	year={2013},
	publisher={ACM}
}

@inproceedings{pan2010efficient,
	title={Efficient nearest-neighbor computation for GPU-based motion planning},
	author={Pan, Jia and Lauterbach, Christian and Manocha, Dinesh},
	booktitle={IROS},
	pages={2243--2248},
	year={2010},
	organization={IEEE}
}

@article{pagh2004cuckoo,
	title={Cuckoo hashing},
	author={Pagh, Rasmus and Rodler, Flemming Friche},
	journal={Journal of Algorithms},
	volume={51},
	number={2},
	pages={122--144},
	year={2004},
	publisher={Elsevier}
}

@inproceedings{thompto2016power9,
	title={POWER9: Processor for the cognitive era},
	author={Thompto, Brian},
	booktitle={HCS},
	pages={1--19},
	year={2016},
	organization={IEEE}
}

@inproceedings{garcia2011coherent,
	title={Coherent parallel hashing},
	author={Garc{\'\i}a, Ismael and Lefebvre, Sylvain and Hornus, Samuel and Lasram, Anass},
	booktitle={TOG},
	volume={30},
	number={6},
	pages={161},
	year={2011},
	organization={ACM}
}

@inproceedings{li2014algorithmic,
	title={Algorithmic improvements for fast concurrent cuckoo hashing},
	author={Li, Xiaozhou and Andersen, David G and Kaminsky, Michael and Freedman, Michael J},
	booktitle={Proceedings of the Ninth European Conference on Computer Systems},
	pages={27},
	year={2014},
	organization={ACM}
}

@inproceedings{junger2018warpdrive,
	title={WarpDrive: Massively parallel hashing on multi-GPU nodes},
	author={J{\"u}nger, Daniel and Hundt, Christian and Schmidt, Bertil},
	booktitle={2018 IEEE International Parallel and Distributed Processing Symposium (IPDPS)},
	pages={441--450},
	year={2018},
	organization={IEEE}
}


@book{sanders2010cuda,
	title={CUDA by example: an introduction to general-purpose GPU programming},
	author={Sanders, Jason and Kandrot, Edward},
	year={2010},
	publisher={Addison-Wesley Professional}
}

@inproceedings{wu2015gpu,
	title={GPU accelerated on-the-fly reachability checking},
	author={Wu, Zhimin and Liu, Yang and Sun, Jun and Shi, Jianqi and Qin, Shengchao},
	booktitle={ICECCS},
	pages={100--109},
	year={2015},
	organization={IEEE}
}

@inproceedings{raab1998balls,
	title={“Balls into bins”—A simple and tight analysis},
	author={Raab, Martin and Steger, Angelika},
	booktitle={RANDOM},
	pages={159--170},
	year={1998},
	organization={Springer}
}

@article{jia2018dissecting,
	title={Dissecting the NVIDIA Volta GPU Architecture via Microbenchmarking},
	author={Jia, Zhe and Maggioni, Marco and Staiger, Benjamin and Scarpazza, Daniele P},
	journal={arXiv preprint arXiv:1804.06826},
	year={2018}
}


% -------------------------------------- CPU-dynamic hash -------------------------------------------- %


@inproceedings{liu2014dynamic,
	title={Dynamic-sized nonblocking hash tables},
	author={Liu, Yujie and Zhang, Kunlong and Spear, Michael},
	booktitle={Proceedings of the 2014 ACM symposium on Principles of distributed computing},
	pages={242--251},
	year={2014},
	organization={ACM}
}

@misc{larson2003scaleable,
	title={Scaleable hash table for shared-memory multiprocessor system},
	author={Larson, Per-Ake and Krishnan, Murali R and Reilly, George V},
	year={2003},
	month=jun # "~10",
	publisher={Google Patents},
	note={US Patent 6,578,131}
}

@misc{douceur2000hash,
	title={Hash table expansion and contraction for use with internal searching},
	author={Douceur, John R},
	year={2000},
	month=may # "~23",
	publisher={Google Patents},
	note={US Patent 6,067,547}
}

@inproceedings{zuo2018write,
  title={Write-optimized and high-performance hashing index scheme for persistent memory},
  author={Zuo, Pengfei and Hua, Yu and Wu, Jie},
  booktitle={13th $\{$USENIX$\}$ Symposium on Operating Systems Design and Implementation ($\{$OSDI$\}$ 18)},
  pages={461--476},
  year={2018}
}

@inproceedings{zhang2019data,
	title={Data Partitioning for In-Memory Systems: Myths, Challenges, and Opportunities.},
	author={Zhang, Zuyu and Deshmukh, Harshad and Patel, Jignesh M},
	booktitle={CIDR},
	year={2019}
}

@inproceedings{boncz1999database,
	title={Database architecture optimized for the new bottleneck: Memory access},
	author={Boncz, Peter A and Manegold, Stefan and Kersten, Martin L and others},
	booktitle={VLDB},
	volume={99},
	pages={54--65},
	year={1999}
}

@article{bender2012don,
	title={Don't thrash: how to cache your hash on flash},
	author={Bender, Michael A and Farach-Colton, Martin and Johnson, Rob and Kraner, Russell and Kuszmaul, Bradley C and Medjedovic, Dzejla and Montes, Pablo and Shetty, Pradeep and Spillane, Richard P and Zadok, Erez},
	journal={Proceedings of the VLDB Endowment},
	volume={5},
	number={11},
	pages={1627--1637},
	year={2012},
	publisher={VLDB Endowment}
}