@misc{GPU-Join-A,
  title = {Let your GPU do the heavy lifting in your data Warehouse},
  howpublished = {\url{http://on-demand.gputechconf.com/gtc/2013/presentations/S3190-GPU-Heavy-Lifting-Data-Warehouse.pdf}},
  note = {Accessed: 2019-09-30}
}

@inproceedings{kaldewey2012gpu,
	title={GPU join processing revisited},
	author={Kaldewey, Tim and Lohman, Guy and Mueller, Rene and Volk, Peter},
	booktitle={DaMoN},
	pages={55--62},
	year={2012},
	organization={ACM}
}

@misc{GPU-Join-B,
	title = {GPU Acceleration for olap},
	howpublished = {\url{http://on-demand.gputechconf.com/gtc/2018/presentation/s8289-how-to-get-the-most-out-of-gpu-accelerated-database-operators.pdf}},
	note = {Accessed: 2019-09-30}
}

@inproceedings{ashkiani2018dynamic,
	title={A dynamic hash table for the GPU},
	author={Ashkiani, Saman and Farach-Colton, Martin and Owens, John D},
	booktitle={IPDPS},
	pages={419--429},
	year={2018},
	organization={IEEE}
}

@inproceedings{junger2018warpdrive,
	title={WarpDrive: Massively parallel hashing on multi-GPU nodes},
	author={J{\"u}nger, Daniel and Hundt, Christian and Schmidt, Bertil},
	booktitle={2018 IEEE International Parallel and Distributed Processing Symposium (IPDPS)},
	pages={441--450},
	year={2018},
	organization={IEEE}
}

@inproceedings{khorasani2015stadium,
	title={Stadium hashing: Scalable and flexible hashing on GPUs},
	author={Khorasani, Farzad and Belviranli, Mehmet E and Gupta, Rajiv and Bhuyan, Laxmi N},
	booktitle={2015 International Conference on Parallel Architecture and Compilation (PACT)},
	pages={63--74},
	year={2015},
	organization={IEEE}
}

@article{bender2012don,
	title={Don't thrash: how to cache your hash on flash},
	author={Bender, Michael A and Farach-Colton, Martin and Johnson, Rob and Kraner, Russell and Kuszmaul, Bradley C and Medjedovic, Dzejla and Montes, Pablo and Shetty, Pradeep and Spillane, Richard P and Zadok, Erez},
	journal={Proceedings of the VLDB Endowment},
	volume={5},
	number={11},
	pages={1627--1637},
	year={2012},
	publisher={VLDB Endowment}
}

@inproceedings{zuo2018write,
	title={Write-optimized and high-performance hashing index scheme for persistent memory},
	author={Zuo, Pengfei and Hua, Yu and Wu, Jie},
	booktitle={13th $\{$USENIX$\}$ Symposium on Operating Systems Design and Implementation ($\{$OSDI$\}$ 18)},
	pages={461--476},
	year={2018}
}

@inproceedings{zhang2019data,
	title={Data Partitioning for In-Memory Systems: Myths, Challenges, and Opportunities.},
	author={Zhang, Zuyu and Deshmukh, Harshad and Patel, Jignesh M},
	booktitle={CIDR},
	year={2019}
}